<?xml version="1.0" encoding="UTF-8"?><record xmlns="http://www.loc.gov/MARC21/slim" xmlns:cinclude="http://apache.org/cocoon/include/1.0" xmlns:zs="http://www.loc.gov/zing/srw/">
  <leader>00434cz  a2200133n  4500</leader>
  <controlfield tag="001">n  80109267 </controlfield>
  <controlfield tag="003">DLC</controlfield>
  <controlfield tag="005">20141219093941.0</controlfield>
  <controlfield tag="008">800925n| azannaab           |n aaa      </controlfield>
  <datafield tag="010" ind1=" " ind2=" ">
    <subfield code="a">n  80109267 </subfield>
  </datafield>
  <datafield tag="040" ind1=" " ind2=" ">
    <subfield code="a">DLC</subfield>
    <subfield code="b">eng</subfield>
    <subfield code="e">rda</subfield>
    <subfield code="c">DLC</subfield>
    <subfield code="d">DLC</subfield>
  </datafield>
  <datafield tag="100" ind1="1" ind2="0">
    <subfield code="a">Watt, Norman F.</subfield>
  </datafield>
  <datafield tag="670" ind1=" " ind2=" ">
    <subfield code="a">White, R. W.</subfield>
    <subfield code="b">The abnormal personality, 1973.</subfield>
  </datafield>
  <datafield tag="670" ind1=" " ind2=" ">
    <subfield code="a">Information from 678 converted Dec. 19, 2014</subfield>
    <subfield code="b">(prof. of clinical psychology; Ph.D. from Ohio State Univ.)</subfield>
  </datafield>
</record>